@online{QuaternionWiki,
    author = {Wikipedia contributors},
    title = {Quaternion},
    url = {https://en.wikipedia.org/wiki/Quaternion},
    urldate = {2025-02-21},
    year = {30/01/2025}
},

@article{Math431,
    author={Justin Wyss-Gallifent},
    title={MATH431: Quaternions},
    journal={University of Maryland},
    year={December, 2021},
    url={https://math.umd.edu/~immortal/MATH431/book/ch_quaternions.pdf}
},

@article{DRose,
    author={D. Rose},
    title={Rotation Quaternions, and How to Use Them},
    journal={danceswithcode.net},
    year={May, 2015},
    url={https://danceswithcode.net/engineeringnotes/quaternions/quaternions.html}
},

@online{Illinois,
    author={Angela Bennett and Volodymyr Kindratenko},
    title={Introduction to Quaternionial Algebra},
    url={https://users.ncsa.illinois.edu/kindr/emtc/quaternions},
    urldate={2025-02-22},
    year={September 2000}
},

@online{Eater,
    author={Ben Eater and Grant Sanderson},
    title={Visualizing quaternions},
    url={https://eater.net/quaternions},
    urldate={2025-02-17},
    year={October, 2018},
    note={While perhaps used less as a source, this helped immensely with gaining an intuitive understanding for quaternions}
},

@online{ComplexRotation,
    author={Mathimaginatio},
    howpublished={YouTube},
    title={Why Complex Multiplication Produces Rotation},
    url={https://www.youtube.com/watch?v=HozImwsr2ho},
    year={August 2022},
    urldate={2025-03-23}
},

@online{Penguin,
    author={PenguinMaths},
    howpublished={YouTube},
    title={How quaternions produce 3D rotation},
    url={https://www.youtube.com/watch?v=jTgdKoQv738&t=565s},
    year={July 2020},
    urldate={2025-03-25},
    note={Inspiration for the diagram}
},

@online{3Blue1Brown,
    author={3Blue1Brown},
    howpublished={YouTube},
    title={Visualizing quaternions (4d numbers) with stereographic projection},
    url={https://www.youtube.com/watch?v=d4EgbgTm0Bg&t=1337s},
    urldate={2025-02-10},
    year={September 2018}
}
